@article{ageevexploring,
  title={Exploring Domain-Specific Architectures for Network Protocol Processing},
  author={Ageev, Artem and Foroushani, Mehrshad Lotfi and Kaufmann, Antoine},
  journal={Cloud@MICRO Workshop},
  year={2021}
}
@article{vijaykumar2022metasys,
  title={MetaSys: A Practical Open-source Metadata Management System to Implement and Evaluate Cross-layer Optimizations},
  author={Vijaykumar, Nandita and Olgun, Ataberk and Kanellopoulos, Konstantinos and Bostanci, F Nisa and Hassan, Hasan and Lotfi, Mehrshad and Gibbons, Phillip B and Mutlu, Onur},
  journal={ACM Transactions on Architecture and Code Optimization (TACO)},
  volume={19},
  number={2},
  pages={1--29},
  year={2022},
  publisher={ACM New York, NY}
}

@inproceedings{ahmadian2018investigating,
  title={Investigating power outage effects on reliability of solid-state drives},
  author={Ahmadian, Saba and Taheri, Farhad and Lotfi, Mehrshad and Karimi, Maryam and Asadi, Hossein},
  booktitle={2018 Design, Automation \& Test in Europe Conference \& Exhibition (DATE)},
  pages={207--212},
  year={2018},
  organization={IEEE}
}
